<record><leader>00000cas a22000007a 4500</leader><controlfield tag="001">11038382</controlfield><controlfield tag="008">840809d18351853vauwr ne      0    0eng d</controlfield><datafield ind1=" " ind2=" " tag="010"><subfield code="a">sn 84024711 </subfield></datafield><datafield ind1=" " ind2=" " tag="040"><subfield code="a">NPV</subfield><subfield code="b">eng</subfield><subfield code="c">NPV</subfield><subfield code="d">NPU</subfield><subfield code="d">DLC</subfield><subfield code="d">CNK</subfield><subfield code="d">NVK</subfield><subfield code="d">OCL</subfield><subfield code="d">NVK</subfield><subfield code="d">OCLCF</subfield><subfield code="d">OCLCO</subfield></datafield><datafield ind1="1" ind2=" " tag="029"><subfield code="a">AU@</subfield><subfield code="b">000025833494</subfield></datafield><datafield ind1=" " ind2=" " tag="042"><subfield code="a">msc</subfield></datafield><datafield ind1="0" ind2="0" tag="050"><subfield code="a">Newspaper 10028-X</subfield></datafield><datafield ind1="0" ind2=" " tag="130"><subfield code="a">Lexington gazette (Lexington, Va. : 1835)</subfield></datafield><datafield ind1="0" ind2="0" tag="245"><subfield code="a">Lexington gazette.</subfield></datafield><datafield ind1="1" ind2="3" tag="246"><subfield code="a">Lexington gazette, and Rockbridge farmer</subfield><subfield code="f">June-Aug. 1840</subfield></datafield><datafield ind1=" " ind2=" " tag="260"><subfield code="a">Lexington, Va. :</subfield><subfield code="b">Cornelius C. Baldwin,</subfield><subfield code="c">1835-1853.</subfield></datafield><datafield ind1=" " ind2=" " tag="300"><subfield code="a">v. ;</subfield><subfield code="c">61 cm.</subfield></datafield><datafield ind1=" " ind2=" " tag="310"><subfield code="a">Weekly</subfield></datafield><datafield ind1="0" ind2=" " tag="362"><subfield code="a">Vol. 1, no. 31, (July 17, 1835)- ; new ser. v. 1, no. 1 (Nov. 30, 1839)-new ser. v. 11, no. 52 (Aug. 28, 1849) ; new ser. v. 1, no. 1 (Sept. 4, 1849)-new ser. v. 4, no. 52 (Aug. 25, 1853) ; new ser. v. 1, no. 1 (Sept. 1, 1853)-new ser. 1, no. 12 (Nov. 17, 1853).</subfield></datafield><datafield ind1=" " ind2=" " tag="500"><subfield code="a">"Virginia" appears in masthead: Apr. 15, 1841-Jan. 13, 1848.</subfield></datafield><datafield ind1=" " ind2=" " tag="500"><subfield code="a">"Liberty and union now and forever, one and inseperable."</subfield></datafield><datafield ind1=" " ind2=" " tag="500"><subfield code="a">Editor: &lt;Sept. 9, 1842-June 4, 1846&gt; O.P. Baldwin.--&lt;Sept. 23, 1847&gt; D.P. Curry.--&lt;July 15, 1852&gt; J.T. Patton.</subfield></datafield><datafield ind1=" " ind2=" " tag="500"><subfield code="a">Publisher varies.</subfield></datafield><datafield ind1=" " ind2=" " tag="500"><subfield code="a">Title varies: The Lexington gazette, and Rockbridge farmer, June-Aug. 1840.  Cf. Cappon, L.J.  Va. newspapers.</subfield></datafield><datafield ind1=" " ind2=" " tag="530"><subfield code="a">Also available on microfilm from Bell &amp; Howell, Micro Photo Div.</subfield></datafield><datafield ind1=" " ind2="0" tag="651"><subfield code="a">Lexington (Va.)</subfield><subfield code="v">Newspapers.</subfield></datafield><datafield ind1=" " ind2="7" tag="655"><subfield code="a">Newspapers.</subfield><subfield code="2">fast</subfield><subfield code="0">(OCoLC)fst01423814</subfield></datafield><datafield ind1=" " ind2="7" tag="651"><subfield code="a">Virginia</subfield><subfield code="z">Lexington.</subfield><subfield code="2">fast</subfield><subfield code="0">(OCoLC)fst01205029</subfield></datafield><datafield ind1=" " ind2=" " tag="752"><subfield code="a">United States</subfield><subfield code="b">Virginia</subfield><subfield code="d">Lexington.</subfield></datafield><datafield ind1="0" ind2="0" tag="780"><subfield code="t">Union (Lexington, Va. : 1832)</subfield><subfield code="w">(DLC)sn 84024699</subfield></datafield><datafield ind1="0" ind2="0" tag="785"><subfield code="t">Gazette (Lexington, Va. : 1853)</subfield><subfield code="w">(DLC)sn 84024712</subfield></datafield></record>